%%% ====================================================================
%%%  BibTeX-file{
%%%     author          = "Mathew Millard",
%%%     version         = "1.2",
%%%     date            = "22 September 2017",
%%%     filename        = "report.bib",
%%%     address         = "",
%%%     email           = "mdmillar@indiana.edu",
%%%     codetable       = "ISO/ASCII",
%%%     keywords        = "ACM Reference Format, bibliography, citation, references",
%%%     supported       = "yes",
%%%     docstring       = "This BibTeX database file contains 'bibdata' entries
%%%                        that 'match' the examples provided in the Specifications Document
%%%                        AND, also, 'legacy'-type bibs. It should assist authors in 
%%%                        choosing the 'correct' at-bibtype and necessary bib-fields
%%%                        so as to obtain the appropriate ACM Reference Format output. 
%%%			   It also contains many 'Standard Abbreviations'. "
%%%  }
%%% ====================================================================

%Entries

@Article{Mandelaro17,
  author 	= "Jim Mandelaro",
  title 	= "Student athletes find big wins in big data",
  journal 	= "?",
  volume 	= "50",
  number 	= "1",
  month 	= feb,
  year 		= "2017",
  pages 	= "36--44",
  doi 		= "10.1145/1188913.1188915",
  url		= "http://doi.acm.org/10.1145/1219092.1219093",
  note		= "",
}
